

	@misc{drqa,
	title={Bidirectional Attention Flow for Machine Comprehension}, 
	author={Minjoon Seo and Aniruddha Kembhavi and Ali Farhadi and Hannaneh Hajishirzi},
	year={2018},
	eprint={1611.01603},
	archivePrefix={arXiv},
	primaryClass={cs.CL},
	url={https://arxiv.org/abs/1611.01603}, 
}

@misc{bidaf,
      title={Reading Wikipedia to Answer Open-Domain Questions}, 
      author={Danqi Chen and Adam Fisch and Jason Weston and Antoine Bordes},
      year={2017},
      eprint={1704.00051},
      archivePrefix={arXiv},
      primaryClass={cs.CL},
      url={https://arxiv.org/abs/1704.00051}, 
}